@book{barro2004economic,
  title={Economic growth second edition},
  author={Barro, Robert and Sala-i-Martin, Xavier},
  year={2004}
}

@book{romer2019advanced,
  title={Advanced Macroeconomics},
  author={Romer, David},
  edition={5},
  year={2019}
}

@book{walsh2017monetary,
  title={Monetary theory and policy},
  author={Walsh, Carl E.},
  publisher={MIT Press},
  year={2017}
}

@book{gali2015monetary,
  title={Monetary policy, inflation, and the business cycle: an introduction to the new Keynesian framework and its applications},
  author={Gal{\'i}, Jordi},
  publisher={Princeton University Press},
  year={2015}
}

@book{acemoglu2009introduction,
  title={Introduction to Modern Economic Growth},
  author={Acemoglu, Daron},
  publisher={Princeton University Press},
  year={2009},
  address={Princeton, New Jersey}
}

@book{uhlig2008abcs,
  title={The ABCs of RBCs: An Introduction to Dynamic Macroeconomic Models},
  author={Uhlig, Harald},
  publisher={Harvard University Press},
  year={2008},
  address={Cambridge, Massachusetts}
}

@book{pissarides2000equilibrium,
  title={Equilibrium unemployment theory},
  author={Pissarides, Christopher A.},
  publisher={MIT Press},
  year={2000},
  note={In particular Chapter 1}
}

@article{caselli2005accounting,
  title={Accounting for cross-country income differences},
  author={Caselli, Francesco},
  journal={Handbook of economic growth},
  volume={1},
  pages={679--741},
  year={2005}
}

@article{stock1999business,
  title={Business cycle fluctuations in US macroeconomic time series},
  author={Stock, James H. and Watson, Mark W.},
  journal={Handbook of macroeconomics},
  volume={1},
  pages={3--64},
  year={1999}
}

@article{rebelo2005real,
  title={Real Business Cycle Models: Past, Present and Future},
  author={Rebelo, Sergio},
  journal={Scand. J. of Economics},
  volume={107},
  number={2},
  pages={217--238},
  year={2005}
}

@article{long1983real,
  title={Real business cycles},
  author={Long Jr, John B. and Plosser, Charles I.},
  journal={Journal of Political Economy},
  volume={91},
  number={1},
  pages={39--69},
  year={1983}
}

@article{bils1987cyclical,
  title={The cyclical behavior of marginal cost and price},
  author={Bils, Mark},
  journal={American Economic Review},
  year={1987},
  pages={838--855}
}

@article{bloom2009impact,
  title={The impact of uncertainty shocks},
  author={Bloom, Nicholas},
  journal={Econometrica},
  volume={77},
  number={3},
  pages={623--685},
  year={2009}
}

@article{gabaix2011granular,
  title={The granular origins of aggregate fluctuations},
  author={Gabaix, Xavier},
  journal={Econometrica},
  volume={79},
  number={3},
  pages={733--772},
  year={2011}
}

@article{basu1997returns,
  title={Returns to scale in US production: Estimates and implications},
  author={Basu, Susanto and Fernald, John G.},
  journal={Journal of Political Economy},
  volume={105},
  number={2},
  pages={249--283},
  year={1997}
}

@article{acemoglu2012network,
  title={The network origins of aggregate fluctuations},
  author={Acemoglu, Daron and Carvalho, Vasco M. and Ozdaglar, Asuman and Tahbaz‚ÄêSalehi, Alireza},
  journal={Econometrica},
  volume={80},
  number={5},
  pages={1977--2016},
  year={2012}
}

@article{rotemberg1992oligopolistic,
  title={Oligopolistic pricing and the effects of aggregate demand on economic activity},
  author={Rotemberg, Julio J. and Woodford, Michael},
  journal={Journal of Political Economy},
  volume={100},
  number={6},
  pages={1153--1207},
  year={1992}
}

@article{rotemberg1993dynamic,
  title={Dynamic general equilibrium models with imperfectly competitive product markets},
  author={Rotemberg, Julio J. and Woodford, Michael},
  institution={National Bureau of Economic Research},
  number={4502},
  year={1993},
  address={Cambridge, Mass., USA}
}

@article{foster2008reallocation,
  title={Reallocation, firm turnover, and efficiency: Selection on productivity or profitability?},
  author={Foster, Lucia and Haltiwanger, John and Syverson, Chad},
  journal={American Economic Review},
  volume={98},
  number={1},
  pages={394--425},
  year={2008}
}

@article{christiano1999monetary,
  title={Monetary policy shocks: What have we learned and to what end?},
  author={Christiano, Lawrence J. and Eichenbaum, Martin and Evans, Charles L.},
  journal={Handbook of macroeconomics},
  volume={1},
  pages={65--148},
  year={1999}
}

@misc{cochrane_interest_rates,
  author = {Cochrane, John},
  title = {Interest rates and Inflation},
  howpublished = {Blog post on johnhcochrane.blogspot.com},
  note = {Part 1, Part 2, Part 3},
  year = {Accessed 2023}
}

@article{sims1980macroeconomics,
  title={Macroeconomics and reality},
  author={Sims, Christopher A.},
  journal={Econometrica},
  pages={1--48},
  year={1980}
}

@article{bernanke1999financial,
  title={The financial accelerator in a quantitative business cycle framework},
  author={Bernanke, Ben S. and Gertler, Mark and Gilchrist, Simon},
  journal={Handbook of macroeconomics},
  volume={1},
  pages={1341--1393},
  year={1999}
}

@article{kiyotaki1997credit,
  title={Credit cycles},
  author={Kiyotaki, Nobuhiro and Moore, John},
  journal={Journal of political economy},
  volume={105},
  number={2},
  pages={211--248},
  year={1997}
}

@article{carroll1997buffer,
  title={Buffer-stock saving and the life cycle/permanent income hypothesis},
  author={Carroll, Christopher D.},
  journal={The Quarterly journal of economics},
  volume={112},
  number={1},
  pages={1--55},
  year={1997}
}

@article{aiyagari1994uninsured,
  title={Uninsured idiosyncratic risk and aggregate saving},
  author={Aiyagari, S. Rao},
  journal={The Quarterly Journal of Economics},
  volume={109},
  number={3},
  pages={659--684},
  year={1994}
}

@article{parker2013consumer,
  title={Consumer spending and the economic stimulus payments of 2008},
  author={Parker, Jonathan A. and Souleles, Nicholas S. and Johnson, David S. and McClelland, Robert},
  journal={American Economic Review},
  volume={103},
  number={6},
  pages={2530--2553},
  year={2013}
}

@article{orchard2023micro,
  title={Micro MPCs and macro counterfactuals: the case of the 2008 rebates},
  author={Orchard, Jacob and Ramey, Valerie A. and Wieland, Johannes F.},
  institution={National Bureau of Economic Research},
  number={w31584},
  year={2023}
}

@article{boehm2023five,
  title={Five facts about MPCs: Evidence from a randomized experiment},
  author={Boehm, Johannes and Fize, Etienne and Jaravel, Xavier},
  journal={Journal Title},
  year={2023}
}

@article{krusell1998income,
  title={Income and wealth heterogeneity in the macroeconomy},
  author={Krusell, Per and Smith, Anthony A. Jr.},
  journal={Journal of Political Economy},
  volume={106},
  number={5},
  pages={867--896},
  year={1998}
}

@article{kaplan2014model,
  title={A model of the consumption response to fiscal stimulus payments},
  author={Kaplan, Greg and Violante, Giovanni L.},
  journal={Econometrica},
  volume={82},
  number={4},
  pages={1199--1239},
  year={2014}
}

@article{kaplan2018monetary,
  title={Monetary policy according to HANK},
  author={Kaplan, Greg and Moll, Benjamin and Violante, Giovanni L.},
  journal={American Economic Review},
  volume={108},
  number={3},
  pages={697--743},
  year={2018}
}

@article{rogerson2005search,
  title={Search-theoretic models of the labor market: A survey},
  author={Rogerson, Richard and Shimer, Robert and Wright, Randall},
  journal={Journal of economic literature},
  volume={43},
  number={4},
  pages={959--988},
  year={2005}
}

@article{bailey1956welfare,
  title={The Welfare Cost of Inflationary Finance},
  author={Bailey, M. J.},
  journal={Journal of Political Economy},
  volume={64},
  number={2},
  pages={93--110},
  year={1956}
}

@article{ball1994sticky,
  title={A Sticky-Price Manifesto},
  author={Ball, L. and Mankiw, G. N.},
  journal={Carnegie-Rochester Conference Series on Public Policy},
  volume={41},
  pages={127--51},
  year={1994}
}

@article{barro1995inflationgrowth,
  title={Inflation and Economic Growth},
  author={Barro, R. J.},
  journal={Bank of England Quarterly Bulletin},
  pages={39--52},
  year={1995}
}

@article{barro1996inflation,
  title={Inflation and Growth},
  author={Barro, R. J.},
  journal={Federal Reserve Bank of St Louis Review},
  volume={78},
  number={3},
  pages={153--69},
  year={1996}
}

@article{barro2013inflationgrowth,
  title={Inflation and Economic Growth},
  author={Barro, R. J.},
  journal={Annals of Economics and Finance},
  volume={14},
  number={1},
  pages={121--44},
  year={2013}
}

@article{barth2001costchannel,
  title={The Cost Channel of Monetary Transmission},
  author={Barth, M. J. and Ramey, V. A.},
  journal={NBER Macroeconomics Annual},
  volume={16},
  pages={199--240},
  year={2001}
}

@article{baumol1952transactions,
  title={The Transactions Demand for Cash},
  author={Baumol, W.},
  journal={The Quarterly Journal of Economics},
  volume={67},
  number={4},
  pages={545--56},
  year={1952}
}

@article{bernanke1998measuring,
  title={Measuring Monetary Policy},
  author={Bernanke, B. S. and Mihov, I.},
  journal={The Quarterly Journal of Economics},
  volume={113},
  number={3},
  pages={869--902},
  year={1998}
}

@article{bullard1999testing,
  title={Testing Long-Run Monetary Neutrality Propositions: Lessons from the Recent Research},
  author={Bullard, J.},
  journal={Review},
  volume={81},
  pages={57--77},
  year={1999}
}

@article{bullard1995longrun,
  title={The Long-Run Relationship Between Inflation and Output in Postwar Economies},
  author={Bullard, J. and Keating, J.},
  journal={Journal of Monetary Economics},
  volume={36},
  number={3},
  pages={477--96},
  year={1995}
}

@article{chari1995inside,
  title={Inside Money, Outside Money, and Short-Term Interest Rates},
  author={Chari, V. V. and Christiano, L. J. and Eichenbaum, M. S.},
  journal={Journal of Money, Credit and Banking},
  volume={27},
  number={4},
  pages={1354--86},
  year={1995}
}

@article{chari1991optimal,
  title={Optimal Fiscal and Monetary Policy: Some Recent Results},
  author={Chari, V. V. and Christiano, L. J. and Kehoe, P. J.},
  journal={Journal of Money, Credit and Banking},
  volume={23},
  number={3},
  pages={519--39},
  year={1991}
}

@article{chari1996optimality,
  title={Optimality of the Friedman Rule in Economies with Distorting Taxes},
  author={Chari, V. V. and Christiano, L. J. and Kehoe, P. J.},
  journal={Journal of Monetary Economics},
  volume={37},
  number={2},
  pages={203--223},
  year={1996}
}

@article{chari2000sticky,
  title={Sticky Price Models of the Business Cycle: Can the Contract Multiplier Solve the Persistence Problem?},
  author={Chari, V. V. and Kehoe, P. J. and McGrattan, E. R.},
  journal={Econometrica},
  volume={68},
  pages={1151--1179},
  year={2000}
}

@incollection{christiano1999monetary,
  title={Monetary Policy Shocks: What Have We Learned and to What End?},
  author={Christiano, L. J. and Eichenbaum, M. S. and Evans, C. L.},
  booktitle={Handbook of Macroeconomics},
  volume={1},
  part={A},
  pages={65--148},
  year={1999}
}

@article{clower1967microfoundation,
  title={A Reconsideration of the Microfoundation of Monetary Theory},
  author={Clower, R. W.},
  journal={Western Economic Journal},
  volume={6},
  number={1},
  pages={1--9},
  year={1967}
}

@article{coleman1996money,
  title={Money and Output: A Test of Reverse Causation},
  author={Coleman, J.},
  journal={American Economic Review},
  volume={86},
  number={1},
  pages={90--111},
  year={1996}
}

@article{cooley1989inflation,
  title={The Inflation Tax in a Real Business Cycle Model},
  author={Cooley, T. F. and Hansen, G. D.},
  journal={American Economic Review},
  volume={79},
  number={4},
  pages={733--748},
  year={1989}
}

@article{correia1996friedman,
  title={Is the Friedman Rule Optimal When Money is an Intermediate Good?},
  author={Correia, I. and Teles, P.},
  journal={Journal of Monetary Economics},
  volume={38},
  number={2},
  pages={223--244},
  year={1996}
}

@book{friedman1969optimum,
  title={The Optimum Quantity of Money},
  author={Friedman, M.},
  year={1969},
  publisher={The Optimum Quantity of Money and Other Essays}
}

@article{granger1969investigating,
  title={Investigating Causal Relations by Econometric Models and Cross-Spectral Methods},
  author={Granger, C. W. J.},
  journal={Econometrica},
  volume={37},
  number={3},
  pages={424--438},
  year={1969}
}

@article{hansen1985indivisible,
  title={Indivisible Labor and the Business Cycle},
  author={Hansen, G. D.},
  journal={Journal of Monetary Economics},
  volume={16},
  pages={309--327},
  year={1985}
}

@article{king1984money,
  title={Money, Credit, and Prices in a Real Business Cycle},
  author={King, R. G. and Plosser, C. I.},
  journal={American Economic Review},
  volume={74},
  number={3},
  pages={363--380},
  year={1984}
}

@article{king1996money,
  title={Money, Prices, Interest Rates and the Business Cycle},
  author={King, R. G. and Watson, M. W.},
  journal={The Review of Economics and Statistics},
  volume={78},
  number={1},
  pages={35--53},
  year={1996}
}

@article{kiyotaki1989money,
  title={On Money as a Medium of Exchange},
  author={Kiyotaki, N. and Wright, R.},
  journal={Journal of Political Economy},
  volume={97},
  number={4},
  pages={927--954},
  year={1989}
}

@article{kydland1982time,
  title={Time to Build and Aggregate Fluctuations},
  author={Kydland, F. E. and Prescott, E. C.},
  journal={Econometrica},
  volume={50},
  number={6},
  pages={1345--1370},
  year={1982}
}

@article{kydland1990business,
  title={Business Cycles: Real Facts and Monetary Myth},
  author={Kydland, F. E. and Prescott, E. C.},
  journal={Quarterly Review},
  volume={14},
  pages={3--18},
  year={1990}
}

@article{leeper1996monetary,
  title={What Does Monetary Policy Do?},
  author={Leeper, E. and Sims, C. A. and Zha, T.},
  journal={Brookings Papers on Economic Activity},
  volume={27},
  number={2},
  pages={1--78},
  year={1996}
}

@article{lucas1976econometric,
  title={Econometric Policy Evaluation: A Critique},
  author={Lucas, R. E.},
  journal={Carnegie-Rochester Conference Series on Public Policy},
  volume={1},
  number={1},
  pages={19--46},
  year={1976}
}

@article{lucas1980quantity,
  title={Two Illustrations of the Quantity Theory of Money},
  author={Lucas, R. E.},
  journal={American Economic Review},
  volume={70},
  number={5},
  pages={1005--1014},
  year={1980}
}

@article{lucas1982interest,
  title={Interest Rates and the Currency Prices in a Two-Country World},
  author={Lucas, R. E.},
  journal={Journal of Monetary Economics},
  volume={10},
  number={3},
  pages={335--359},
  year={1982}
}

@book{lucas1987models,
  title={Models of Business Cycles},
  author={Lucas, R. E.},
  publisher={Wiley-Blackwell},
  year={1987}
}

@techreport{lucas1994welfare,
  title={On the Welfare Cost of Inflation},
  author={Lucas, R. E.},
  institution={Federal Reserve Bank of San Francisco},
  type={Working Papers in Applied Economic Theory},
  number={94/7},
  year={1994}
}

@article{lucas1987money,
  title={Money and Interest in a Cash-in-Advance Economy},
  author={Lucas, R. E. and Stokey, N. L.},
  journal={Econometrica},
  volume={55},
  number={3},
  pages={491--513},
  year={1987}
}

@article{mccandless1995monetary,
  title={Some Monetary Facts},
  author={McCandless, G. and Weber, W.},
  journal={Quarterly Review},
  volume={19},
  pages={2--11},
  year={1995}
}

@article{phelps1973inflation,
  title={Inflation in the Theory of Public Finance},
  author={Phelps, E. S.},
  journal={Swedish Journal of Economics},
  volume={75},
  number={1},
  pages={67--82},
  year={1973}
}

@article{prescott1986theory,
  title={Theory Ahead of Business-Cycle Measurement},
  author={Prescott, E. C.},
  journal={Carnegie-Rochester Conference Series on Public Policy},
  volume={25},
  pages={11--44},
  year={1986}
}

@incollection{schmittgrohe2010optimal,
  title={The Optimal Rate of Inflation},
  author={Schmitt-Groh√©, S. and Uribe, M.},
  booktitle={Handbook of Monetary Economics},
  volume={3},
  pages={653--722},
  year={2010}
}

@article{sidrauski1967rational,
  title={Rational Choice and Patterns of Growth in a Monetary Model},
  author={Sidrauski, M.},
  journal={American Economic Review},
  volume={57},
  number={2},
  pages={534--544},
  year={1967}
}

@article{sims1972money,
  title={Money, Income, and Causality},
  author={Sims, C. A.},
  journal={American Economic Review},
  volume={62},
  number={4},
  pages={540--552},
  year={1972}
}

@article{sims1980macroeconomics,
  title={Macroeconomics and Reality},
  author={Sims, C. A.},
  journal={Econometrica},
  volume={48},
  number={1},
  pages={1--48},
  year={1980}
}

@article{sims1992interpreting,
  title={Interpreting the Macroeconomic Time Series Facts: The Effects of Monetary Policy},
  author={Sims, C. A.},
  journal={European Economic Review},
  volume={36},
  number={5},
  pages={975--1000},
  year={1992}
}

@article{sims1998bayesian,
  title={Bayesian Methods for Dynamic Multivariate Models},
  author={Sims, C. A. and Zha, T.},
  journal={International Economic Review},
  volume={39},
  number={4},
  pages={949--968},
  year={1998}
}

@article{stock1989interpreting,
  title={Interpreting the Evidence on Money-Income Causality},
  author={Stock, J. H. and Watson, M. W.},
  journal={Journal of Econometrics},
  volume={40},
  number={1},
  pages={161--182},
  year={1989}
}

@article{stock2001vector,
  title={Vector Autoregressions},
  author={Stock, J. H. and Watson, M. W.},
  journal={Journal of Economic Perspectives},
  volume={15},
  number={4},
  pages={101--115},
  year={2001}
}

@article{stockman1981anticipated,
  title={Anticipated Inflation and the Capital Stock in a Cash-in-Advance Economy},
  author={Stockman, A.},
  journal={Journal of Monetary Economics},
  volume={8},
  number={3},
  pages={387--393},
  year={1981}
}

@article{svensson1985money,
  title={Money and Asset Prices in a Cash-in-Advance Economy},
  author={Svensson, L. E. O.},
  journal={Journal of Political Economy},
  volume={93},
  number={5},
  pages={919--944},
  year={1985}
}

@incollection{taylor1996monetary,
  title={How Should Monetary Policy Respond to Shocks While Maintaining Long-Run Price Stability? Conceptual Issues},
  author={Taylor, J. B.},
  booktitle={Achieving Price Stability},
  publisher={Federal Reserve Bank of Kansas City},
  pages={181--195},
  year={1996}
}

@article{tobin1956interest,
  title={The Interest Elasticity of the Transactions Demand for Cash},
  author={Tobin, J.},
  journal={Review of Economics and Statistics},
  volume={28},
  number={3},
  pages={241--247},
  year={1956}
}

@incollection{williamson2010new,
  title={New Monetarist Economics: Models},
  author={Williamson, S. and Wright, R.},
  booktitle={Handbook of Monetary Economics},
  volume={3},
  pages={25--96},
  year={2010}
}
