@book{zygmund2015realanalysis,
  title = {Measure and Integral An Introduction to Real Analysis},
  author = {Antoni Zygmund, Richard L. Wheeden},
  year = {2015},
  edition = {2},
  publisher = {CRC Press},
  address = {New York}
}

@book{rudin1987realandcomplexanalysis,
  title     = {Real and Complex Analysis},
  author    = {Rudin, Walter},
  year      = {1987},
  edition   = {3},
  publisher = {McGraw-Hill},
  address   = {Singapore}
}

@book{folland1999realanalysis,
  title     = {Real Analysis Modern Techniques and Their Applications},
  author    = {Folland, Gerald B.},
  year      = {1999},
  edition   = {2},
  publisher = {Wiley},
  address   = {Toronto, Canada}
}

@book{royden2023realanalysis,
  title     = {Real Analysis},
  author    = {Halsey L. Royden, P. M. Fitzpatrick},
  year      = {2023},
  edition   = {5},
  publisher = {Pearson Education, Inc.},
  address   = {New Jersey}
}

@book{stein2005realanalysis,
  title     = {Real Analysis: Measure Theory, Integration, and Hilbert Spaces},
  author    = {Stein, Elias M. and Shakarchi, Rami},
  year      = {2005},
  publisher = {Princeton University Press},
  address   = {Princeton, New Jersey}
}

@book{axler2022realanalysis,
  title     = {Measure, Integration \& Real Analysis},
  author    = {Axler, Sheldon},
  year      = {2022},
  publisher = {Springer Open}
}
