@book{stock2003introduction,
  title     = {Introduction to Econometrics},
  author    = {Stock, James H. and Watson, Mark W.},
  year      = {2003},
  edition   = {4},
  publisher = {Pearson},
  address   = {New York}
}

@book{wooldridge2020introductory,
  title     = {Introductory Econometrics: A Modern Approach},
  author    = {Wooldridge, Jeffrey M.},
  year      = {2020},
  edition   = {7},
  publisher = {Cengage Learning}
}

@book{hansen2022econometrics,
  title     = {Econometrics},
  author    = {Hansen, Bruce E.},
  year      = {2022},
  publisher = {Princeton University Press},
  address   = {Princeton, New Jersey}
}

@book{hayashi2000econometrics,
  title     = {Econometrics},
  author    = {Hayashi, Fumio},
  year      = {2000},
  publisher = {Princeton University Press},
  address   = {Princeton, New Jersey}
}

@book{wooldridge2010econometric,
  title     = {Econometric Analysis of Cross Section and Panel Data},
  author    = {Wooldridge, Jeffrey M.},
  year      = {2010},
  edition   = {2},
  publisher = {The MIT Press},
  address   = {Cambridge, Massachusetts}
}

@book{chan2019bayesian,
  title     = {Bayesian Econometric Methods},
  author    = {Chan, Joshua and Koop, Gary and Poirier, Dale J. and Tobias, Justin L.},
  year      = {2019},
  edition   = {2},
  publisher = {Cambridge University Press},
  address   = {Cambridge, United Kingdom}
}

@book{baltagi2021econometric,
  title     = {Econometric Analysis of Panel Data},
  author    = {Baltagi, Badi H.},
  year      = {2021},
  edition   = {6},
  publisher = {Springer},
  address   = {Cham, Switzerland}
}

@book{hamilton1994time,
  title     = {Time Series Analysis},
  author    = {Hamilton, James D.},
  year      = {1994},
  publisher = {Princeton University Press},
  address   = {Princeton, New Jersey},
  isbn      = {9780691042893}
}

@book{amemiya1985advanced,
  title     = {Advanced Econometrics},
  author    = {Amemiya, Takeshi},
  year      = {1985},
  publisher = {Harvard University Press},
  address   = {Cambridge, MA}
}

@article{bowden1973theory,
  title        = {The Theory of Parametric Identification},
  author       = {Bowden, Roger},
  journal      = {Econometrica},
  volume       = {41},
  number       = {6},
  pages        = {1069--1074},
  year         = {1973},
  publisher    = {The Econometric Society},
  doi          = {10.2307/1914036}
}

@article{jennrich1969asymptotic,
  title        = {Asymptotic Properties of Non-linear Least Squares Estimators},
  author       = {Jennrich, Robert I.},
  journal      = {The Annals of Mathematical Statistics},
  volume       = {40},
  number       = {2},
  pages        = {633--643},
  year         = {1969},
  publisher    = {Institute of Mathematical Statistics},
  doi          = {10.1214/aoms/1177697731}
}

@article{keane1992identification,
  title        = {A Note on Identification in the Multinomial Probit Model},
  author       = {Keane, Michael P.},
  journal      = {Journal of Business \& Economic Statistics},
  volume       = {10},
  number       = {2},
  pages        = {193--200},
  year         = {1992},
  publisher    = {Taylor \& Francis, Ltd. on behalf of American Statistical Association},
  doi          = {10.1080/07350015.1992.10509906}
}

@article{rothenberg1971identification,
  title        = {Identification in Parametric Models},
  author       = {Rothenberg, Thomas J.},
  journal      = {Econometrica},
  volume       = {39},
  number       = {3},
  pages        = {577--591},
  year         = {1971},
  publisher    = {The Econometric Society},
  doi          = {10.2307/1913267}
}

@article{tauchen1985diagnostic,
  title        = {Diagnostic Testing and Evaluation of Maximum Likelihood Models},
  author       = {Tauchen, George},
  journal      = {Journal of Econometrics},
  volume       = {30},
  pages        = {415--443},
  year         = {1985},
  publisher    = {North-Holland},
  doi          = {10.1016/0304-4076(85)90149-6}
}

@article{wald1949note,
  title        = {Note on the Consistency of the Maximum Likelihood Estimate},
  author       = {Wald, Abraham},
  journal      = {The Annals of Mathematical Statistics},
  volume       = {20},
  number       = {4},
  pages        = {595--601},
  year         = {1949},
  publisher    = {Institute of Mathematical Statistics},
  doi          = {10.1214/aoms/1177729952}
}

@article{white1982maximum,
  title        = {Maximum Likelihood Estimation of Misspecified Models},
  author       = {White, Halbert},
  journal      = {Econometrica},
  volume       = {50},
  number       = {1},
  pages        = {1--25},
  year         = {1982},
  publisher    = {The Econometric Society},
  doi          = {10.2307/1912526}
}
