@book{amemiya1985advanced,
  title     = {Advanced Econometrics},
  author    = {Amemiya, Takeshi},
  year      = {1985},
  publisher = {Harvard University Press},
  address   = {Cambridge, MA}
}

@article{bowden1973theory,
  title        = {The Theory of Parametric Identification},
  author       = {Bowden, Roger},
  journal      = {Econometrica},
  volume       = {41},
  number       = {6},
  pages        = {1069--1074},
  year         = {1973},
  publisher    = {The Econometric Society},
  doi          = {10.2307/1914036}
}

@techreport{allen2012information,
  title       = {Information Frictions in Trade},
  author      = {Allen, T.},
  year        = {2012},
  institution = {Yale University}
}

@article{allen2014trade,
  title   = {Trade and the topography of the spatial economy},
  author  = {Allen, T. and Arkolakis, C.},
  journal = {Quarterly Journal of Economics},
  volume  = {129},
  number  = {6},
  pages   = {1085--1140},
  year    = {2014}
}

@techreport{allen2014universal,
  title       = {Universal Gravity},
  author      = {Allen, T. and Arkolakis, C. and Takahashi, Y.},
  year        = {2014},
  institution = {Mimeo}
}

@article{alvarez2007general,
  title   = {General Equilibrium Analysis of the Eaton-Kortum Model of International Trade},
  author  = {Alvarez, F. and Lucas, R. E.},
  journal = {Journal of Monetary Economics},
  volume  = {54},
  number  = {6},
  pages   = {1726--1768},
  year    = {2007}
}

@article{anderson1979theoretical,
  title   = {A Theoretical Foundation for the Gravity Equation},
  author  = {Anderson, J. E.},
  journal = {American Economic Review},
  volume  = {69},
  number  = {1},
  pages   = {106--116},
  year    = {1979}
}

@article{anderson2003gravity,
  title   = {Gravity with Gravitas: A Solution to the Border Puzzle},
  author  = {Anderson, J. E. and van Wincoop, E.},
  journal = {American Economic Review},
  volume  = {93},
  number  = {1},
  pages   = {170--192},
  year    = {2003}
}

@article{anderson2004trade,
  title   = {Trade Costs},
  author  = {Anderson, J. E.},
  journal = {Journal of Economic Literature},
  volume  = {42},
  number  = {3},
  pages   = {691--751},
  year    = {2004}
}

@techreport{arkolakis2010a,
  title       = {New Trade Models, Same Old Gains?},
  author      = {Arkolakis, C. and Costinot, A. R.-C.},
  year        = {2010},
  number      = {15628},
  institution = {National Bureau of Economic Research}
}

@article{arkolakis2010b,
  title   = {Market Penetration Costs and the New Consumers Margin in International Trade},
  author  = {Arkolakis, C.},
  journal = {Journal of Political Economy},
  volume  = {118},
  number  = {6},
  pages   = {1151--1199},
  year    = {2010}
}

@techreport{arkolakis2011unified,
  title       = {A Unified Theory of Firm Selection and Growth},
  author      = {Arkolakis, C.},
  year        = {2011},
  number      = {17553},
  institution = {National Bureau of Economic Research}
}

@techreport{arkolakis2012elusive,
  title       = {The Elusive Pro-Competitive Effects of Trade},
  author      = {Arkolakis, C. and Costinot, A. and Donaldson, D. and Rodr{\'i}guez-Clare, A.},
  year        = {2012},
  institution = {Mimeo}
}

@article{arkolakis2012new,
  title   = {New Trade Models, Same Old Gains?},
  author  = {Arkolakis, C. and Costinot, A. and Rodr{\'i}guez-Clare, A.},
  journal = {American Economic Review},
  volume  = {102},
  number  = {1},
  pages   = {94--130},
  year    = {2012}
}

@article{arkolakis2008endogenous,
  title   = {Endogenous Variety and the Gains from Trade},
  author  = {Arkolakis, C. and Demidova, S. and Klenow, P. J. and Rodr{\'i}guez-Clare, A.},
  journal = {American Economic Review, Papers and Proceedings},
  volume  = {98},
  number  = {4},
  pages   = {444--450},
  year    = {2008}
}

@techreport{arkolakis2010extensive,
  title       = {The Extensive Margin of Exporting Products: A Firm-Level Analysis},
  author      = {Arkolakis, C. and Muendler, M.-A.},
  year        = {2010},
  number      = {16641},
  institution = {National Bureau of Economic Research}
}

@techreport{arkolakis2008vertical,
  title       = {Vertical Specialization and International Business Cycles Synchronization},
  author      = {Arkolakis, C. and Ramanarayanan, A.},
  year        = {2008},
  institution = {Federal Reserve Bank of Dallas and Yale University}
}

@article{armington1969theory,
  title   = {A Theory of Demand for Products Distinguished by Place of Production},
  author  = {Armington, P. S.},
  journal = {International Monetary Fund Staff Papers},
  volume  = {16},
  pages   = {159--178},
  year    = {1969}
}

@article{atkeson2010innovation,
  title   = {Innovation, Firm Dynamics, and International Trade},
  author  = {Atkeson, A. and Burstein, A.},
  journal = {Journal of Political Economy},
  volume  = {118},
  number  = {3},
  pages   = {433--489},
  year    = {2010}
}

@techreport{baldwin2006gravity,
  title       = {Gravity for dummies and dummies for gravity equations},
  author      = {Baldwin, R. and Taglioni, D.},
  year        = {2006},
  institution = {National Bureau of Economic Research}
}

@techreport{behrens2009trade,
  title       = {Trade, Wages, and Productivity},
  author      = {Behrens, K. and Mion, G. and Murata, Y. and Sudekum, J.},
  year        = {2009},
  number      = {0942},
  institution = {CEP}
}

@techreport{behrens2009globalization,
  title       = {Globalization and Individual Gains from Trade},
  author      = {Behrens, K. and Murata, Y.},
  year        = {2009},
  number      = {7438},
  institution = {CEPR}
}

@article{bernard2007firms,
  title   = {Firms in International Trade},
  author  = {Bernard, A. and Jensen, B. and Redding, S. and Schott, P. J.},
  journal = {Journal of Economic Perspectives},
  volume  = {21},
  number  = {3},
  pages   = {105--130},
  year    = {2007}
}

@article{bernard2003plants,
  title   = {Plants and Productivity in International Trade},
  author  = {Bernard, A. B. and Eaton, J. E. and Jensen, J. B. and Kortum, S.},
  journal = {American Economic Review},
  volume  = {93},
  number  = {4},
  pages   = {1268--1290},
  year    = {2003}
}

@article{bernard1999exceptional,
  title   = {Exceptional Exporter Performance: Cause, Effect, or Both},
  author  = {Bernard, A. B. and Jensen, J. B.},
  journal = {Journal of International Economics},
  volume  = {47},
  pages   = {1--25},
  year    = {1999}
}

@techreport{bernard2003falling,
  title       = {Falling Trade Costs, Heterogeneous Firms and Industry Dynamics},
  author      = {Bernard, A. B. and Jensen, J. B. and Schott, P. K.},
  year        = {2003},
  number      = {9639},
  institution = {National Bureau of Economic Research}
}

@article{bernard2011multiproduct,
  title   = {Multi-Product Firms and Trade Liberalization},
  author  = {Bernard, A. B. and Redding, S. J. and Schott, P. K.},
  journal = {Quarterly Journal of Economics},
  volume  = {126},
  number  = {3},
  pages   = {1271--1318},
  year    = {2011}
}

@book{bhagwati1998lectures,
  title     = {Lectures on International Trade},
  author    = {Bhagwati, J. N. and Panagariya, A. and Srinivasan, T. N.},
  year      = {1998},
  publisher = {The MIT Press},
  address   = {Boston, Massachusetts}
}

@article{broda2006globalization,
  title   = {Globalization and the Gains from Variety},
  author  = {Broda, C. and Weinstein, D.},
  journal = {Quarterly Journal of Economics},
  volume  = {121},
  number  = {2},
  pages   = {541--585},
  year    = {2006}
}

@article{butters1977equilibrium,
  title   = {Equilibrium Distributions of Sales and Advertising Prices},
  author  = {Butters, G.},
  journal = {The Review of Economic Studies},
  volume  = {44},
  number  = {3},
  pages   = {465--491},
  year    = {1977}
}

@article{chaney2008distorted,
  title   = {Distorted Gravity: The Intensive and Extensive Margins of International Trade},
  author  = {Chaney, T.},
  journal = {American Economic Review},
  volume  = {98},
  number  = {4},
  pages   = {1707--1721},
  year    = {2008}
}

@article{dekle2008global,
  title   = {Global Rebalancing with Gravity: Measuring the Burden of Adjustment},
  author  = {Dekle, R. and Eaton, J. and Kortum, S.},
  journal = {IMF Staff Papers},
  volume  = {55},
  number  = {3},
  pages   = {511--540},
  year    = {2008}
}

@techreport{dhingra2012impact,
  title       = {The Impact of Integration on Productivity and Welfare Distortions Under Monopolistic Competition},
  author      = {Dhingra, S. and Morrow, J.},
  year        = {2012},
  institution = {LSE}
}

@article{donaldson2014railroads,
  title   = {Railroads of the Raj: Estimating the Economic Impact of Transportation Infrastructure},
  author  = {Donaldson, D.},
  journal = {American Economic Review},
  year    = {2014},
  note    = {Forthcoming}
}

@article{dornbusch1977comparative,
  title   = {Comparative Advantage, Trade, and Payments in a Ricardian Model with a Continuum of Goods},
  author  = {Dornbusch, R. S. and Fischer, S. and Samuelson, P. A.},
  journal = {American Economic Review},
  volume  = {67},
  number  = {5},
  pages   = {823--839},
  year    = {1977}
}

@incollection{eaton2008margins,
  title     = {The Margins of Entry Into Export Markets: Evidence from Colombia},
  author    = {Eaton, J. and Eslava, M. and Kugler, M. and Tybout, J.},
  booktitle = {Globalization and the Organization of Firms and Markets},
  editor    = {Helpman, E. and Marina, D. and Verdier, T.},
  publisher = {Harvard University Press},
  address   = {Massachusetts},
  year      = {2008}
}

@article{eaton2002technology,
  title   = {Technology, Geography and Trade},
  author  = {Eaton, J. and Kortum, S.},
  journal = {Econometrica},
  volume  = {70},
  number  = {5},
  pages   = {1741--1779},
  year    = {2002}
}

@techreport{eaton2011technology,
  title       = {Technology in the Global Economy: A Framework for Quantitative Analysis},
  author      = {Eaton, J. and Kortum, S.},
  year        = {2011},
  institution = {Penn State University and Yale University}
}

@article{eaton2004dissecting,
  title   = {Dissecting Trade: Firms, Industries, and Export Destinations},
  author  = {Eaton, J. and Kortum, S. and Kramarz, F.},
  journal = {American Economic Review, Papers and Proceedings},
  volume  = {94},
  number  = {2},
  pages   = {150--154},
  year    = {2004}
}

@article{eaton2011anatomy,
  title   = {An Anatomy of International Trade: Evidence from French Firms},
  author  = {Eaton, J. and Kortum, S.},
  journal = {Econometrica},
  volume  = {79},
  number  = {5},
  pages   = {1453--1498},
  year    = {2011}
}

@unpublished{fan2013global,
  title  = {Global Gains from Reduction of Trade Costs},
  author = {Fan, H. and Lai, E. and Qi, H.},
  note   = {Unpublished manuscript},
  year   = {2013}
}

@book{feenstra2003advanced,
  title     = {Advanced International Trade},
  author    = {Feenstra, R.},
  year      = {2003},
  publisher = {Princeton University Press},
  address   = {Princeton, New Jersey}
}

@article{gale1965,
  title = {The Jacobian Matrix and Global Univalence of Mappings.},
  author = {Gale, D. and Nikaidô, H.},
  journal = {Mathematische Annalen},
  volume = {159},
  pages = {81-93},
  year = {1965}
}

@article{grossman1984informative,
  title   = {Informative Advertising with Differentiated Products},
  author  = {Grossman, G. M. and Shapiro, C.},
  journal = {The Review of Economic Studies},
  volume  = {51},
  number  = {1},
  pages   = {63--81},
  year    = {1984}
}

@techreport{head2013gravity,
  title       = {Gravity equations: Workhorse, toolkit, and cookbook},
  author      = {Head, K. and Mayer, T.},
  year        = {2013},
  institution = {Centre for Economic Policy Research}
}

@article{head1999rationalization,
  title   = {Rationalization effects of tariff reductions},
  author  = {Head, K. and Ries, J.},
  journal = {Journal of International Economics},
  volume  = {47},
  number  = {2},
  pages   = {295--320},
  year    = {1999}
}

@article{head2001increasing,
  title   = {Increasing Returns versus National Product Differentiation as an Explanation for the Pattern of U.S.-Canada Trade},
  author  = {Head, K. and Ries, J.},
  journal = {American Economic Review},
  volume  = {91},
  number  = {4},
  pages   = {858--876},
  year    = {2001}
}

@incollection{helpman1998size,
  title     = {The Size of Regions},
  author    = {Helpman, E.},
  booktitle = {Topics in Public Economics. Theoretical and Applied Analysis},
  pages     = {33--54},
  year      = {1998}
}

@article{helpman2010inequality,
  title   = {Inequality and Unemployment in a Global Economy},
  author  = {Helpman, E. and Itskhoki, O. and Redding, S. J.},
  journal = {Econometrica},
  volume  = {78},
  number  = {4},
  pages   = {1239--1283},
  year    = {2010}
}

@article{helpman2008estimating,
  title   = {Estimating Trade Flows: Trading Partners and Trading Volumes},
  author  = {Helpman, E. and Melitz, M. and Rubinstein, Y.},
  journal = {Quarterly Journal of Economics},
  volume  = {2},
  number  = {5},
  pages   = {441--487},
  year    = {2008}
}

@article{helpman2004export,
  title   = {Export Versus FDI with Heterogeneous Firms},
  author  = {Helpman, E. and Melitz, M. J. and Yeaple, S. R.},
  journal = {American Economic Review},
  volume  = {94},
  number  = {1},
  pages   = {300--316},
  year    = {2004}
}

@article{hummels2005variety,
  title   = {The Variety and Quality of a Nation’s Exports},
  author  = {Hummels, D. and Klenow, P.},
  journal = {American Economic Review},
  volume  = {95},
  number  = {3},
  pages   = {704--723},
  year    = {2005}
}

@article{kehoe2013how,
  title   = {How Important Is the New Goods Margin in International Trade?},
  author  = {Kehoe, T. J. and Ruhl, K. J.},
  journal = {Journal of Political Economy},
  volume  = {121},
  number  = {2},
  pages   = {358--392},
  year    = {2013}
}

@unpublished{klenow1997quantifying,
  title  = {Quantifying Variety Gains from Trade Liberalization},
  author = {Klenow, P. J. and Rodr{\'i}guez-Clare, A.},
  note   = {Manuscript, University of Chicago},
  year   = {1997}
}

@article{kortum1997research,
  title   = {Research, Patenting, and Technological Change},
  author  = {Kortum, S.},
  journal = {Econometrica},
  volume  = {65},
  number  = {6},
  pages   = {1389--1419},
  year    = {1997}
}

@article{krugman1979increasing,
  title   = {Increasing Returns Monopolistic Competition and International Trade},
  author  = {Krugman, P.},
  journal = {Journal of International Economics},
  volume  = {9},
  number  = {4},
  pages   = {469--479},
  year    = {1979}
}

@article{krugman1980scale,
  title   = {Scale Economies, Product Differentiation, and the Pattern of Trade},
  author  = {Krugman, P.},
  journal = {American Economic Review},
  volume  = {70},
  number  = {5},
  pages   = {950--959},
  year    = {1980}
}

@article{krugman1995globalization,
  title   = {Globalization and the Inequality of Nations},
  author  = {Krugman, P. and Venables, A. J.},
  journal = {Quarterly Journal of Economics},
  volume  = {110},
  number  = {4},
  pages   = {857--880},
  year    = {1995}
}

@techreport{kydland1994computational,
  title       = {The Computational Experiment: An Econometric Tool},
  author      = {Kydland, F. E. and Prescott, E. C.},
  year        = {1994},
  number      = {178},
  institution = {Federal Reserve Bank of Minneapolis}
}

@techreport{martins1996mark,
  title       = {Mark-Up Ratios in Manufacturing Industries: Estimates for 14 OECD Countries},
  author      = {Martins, J. O. and Scarpetta, S. and Pilat, D.},
  year        = {1996},
  number      = {162},
  institution = {OECD Economics Department}
}

@book{mas-colell1995microeconomic,
  title     = {Microeconomic Theory},
  author    = {Mas-Colell, A. and Whinston, M. D. and Green, J. R.},
  year      = {1995},
  publisher = {Oxford University Press},
  address   = {Oxford, UK}
}

@incollection{mcfadden1974conditional,
  title     = {Conditional Logit Analysis of Qualitative Choice Behavior},
  author    = {McFadden, D.},
  booktitle = {Frontiers in Econometrics},
  pages     = {105--142},
  year      = {1974}
}

@article{melitz2003impact,
  title   = {The Impact of Trade on Intra-Industry Reallocations and Aggregate Industry Productivity},
  author  = {Melitz, M. J.},
  journal = {Econometrica},
  volume  = {71},
  number  = {6},
  pages   = {1695--1725},
  year    = {2003}
}

@article{melitz2008market,
  title   = {Market Size, Trade, and Productivity},
  author  = {Melitz, M. J. and Ottaviano, G. I. P.},
  journal = {The Review of Economic Studies},
  volume  = {75},
  number  = {1},
  pages   = {295--316},
  year    = {2008}
}

@article{melitz2014new,
  title   = {New Trade Models New Welfare Gains},
  author  = {Melitz, M. J. and Redding, S. J.},
  journal = {American Economic Review},
  volume  = {105},
  number  = {3},
  pages   = {1105--1146},
  year    = {2014}
}

@article{pavcnik2002trade,
  title   = {Trade Liberalization, Exit, and Productivity Improvements: Evidence from Chilean Plants},
  author  = {Pavcnik, N.},
  journal = {The Review of Economic Studies},
  volume  = {69},
  number  = {1},
  pages   = {245--276},
  year    = {2002}
}

@techreport{prescott1998business,
  title       = {Business Cycle Research: Methods and Problems},
  author      = {Prescott, E. C.},
  year        = {1998},
  number      = {590},
  institution = {Federal Reserve Bank of Minneapolis}
}

@techreport{redding2012goods,
  title       = {Goods Trade, Factor Mobility and Welfare},
  author      = {Redding, S. J.},
  year        = {2012},
  institution = {Mimeo}
}

@article{romalis2007nafta,
  title   = {NAFTA's and CUFTA's Impact on International Trade},
  author  = {Romalis, J.},
  journal = {Review of Economics and Statistics},
  volume  = {89},
  number  = {3},
  pages   = {416--435},
  year    = {2007}
}

@article{romer1994new,
  title   = {New Goods, Old Theory, and the Welfare of Trade Restrictions},
  author  = {Romer, P.},
  journal = {Journal of Development Economics},
  volume  = {43},
  number  = {1},
  pages   = {5--38},
  year    = {1994}
}

@unpublished{ruhl2009elasticity,
  title  = {The Elasticity Puzzle in International Economics},
  author = {Ruhl, K. J.},
  note   = {Manuscript, New York University},
  year   = {2009}
}

@article{samuelson1954transfer,
  title   = {The transfer problem and transport costs, ii: Analysis of effects of trade impediments},
  author  = {Samuelson, P. A.},
  journal = {The Economic Journal},
  volume  = {64},
  number  = {254},
  pages   = {264--289},
  year    = {1954}
}

@techreport{saure2009bounded,
  title       = {Bounded Love of Variety and Patterns of Trade},
  author      = {Saure, P.},
  year        = {2009},
  institution = {Swiss National Bank}
}

@unpublished{simonovska2009income,
  title  = {Income Differences and Prices of Tradables},
  author = {Simonovska, I.},
  note   = {Manuscript, University of California, Davis},
  year   = {2009}
}

@article{simonovska2013elasticity,
  title   = {The Elasticity of Trade: Estimates and Evidence},
  author  = {Simonovska, I. and Waugh, M.},
  journal = {Journal of International Economics},
  volume  = {92},
  pages   = {34--50},
  year    = {2013}
}

@article{sutton2002variance,
  title   = {The Variance of Firm Growth Rates: 'The Scaling Puzzle'},
  author  = {Sutton, J.},
  journal = {Physica A},
  volume  = {312},
  number  = {3},
  pages   = {577--590},
  year    = {2002}
}

@article{waugh2010international,
  title   = {International Trade and Income Differences},
  author  = {Waugh, M.},
  journal = {American Economic Review},
  year    = {2010},
  note    = {Forthcoming}
}

@article{wilson1980general,
  title   = {On the General Structure of Ricardian Models with a Continuum of Goods: Applications to Growth, Tariff Theory, and Technical Change},
  author  = {Wilson, C. A.},
  journal = {Econometrica},
  volume  = {48},
  number  = {7},
  pages   = {1675--1702},
  year    = {1980}
}

@article{yi2003can,
  title   = {Can Vertical Specialization Explain the Growth of World Trade?},
  author  = {Yi, K.-M.},
  journal = {Journal of Political Economy},
  volume  = {111},
  number  = {1},
  pages   = {52--102},
  year    = {2003}
}

@techreport{zhelobodko2011monopolistic,
  title       = {Monopolistic Competition in General Equilibrium: Beyond the CES},
  author      = {Zhelobodko, E. and Kokovin, S. and Parenti, M. and Thisse, J.-F.},
  year        = {2011}
}