%% ----------------------------------------------------------------------
%%    Examples of common entries
%% ----------------------------------------------------------------------

@article{borusyak2021revisiting,
    author = {Borusyak, Kirill and Jaravel, Xavier and Spiess, Joerg},
    title = {Revisiting Event Study Designs: Robust and Efficient Estimation},
    journal = {arXiv preprint arXiv:2108.12419},
    year = {2021},
    note = {}
}

@article{callaway2021difference,
    author = {Callaway, Brantly and Sant'Anna, Pedro H. C.},
    title = {Difference-in-differences with multiple time periods},
    journal = {Journal of Econometrics},
    volume = {225},
    number = {2},
    pages = {200-230},
    year = {2021},
    note = {}
}

@article{cruces2013sovereign,
    author = {Cruces, Juan J. and Trebesch, Christoph},
    title = {Sovereign defaults: The price of haircuts},
    journal = {American Economic Journal: Macroeconomics},
    volume = {5},
    number = {3},
    pages = {85-117},
    year = {2013},
    note = {}
}

@article{goodman-bacon2021difference,
    author = {Goodman-Bacon, Andrew},
    title = {Difference-in-differences with variation in treatment timing},
    journal = {Journal of Econometrics},
    volume = {225},
    number = {2},
    pages = {254-277},
    year = {2021},
    note = {}
}

@article{reinhart2016sovereign,
    author = {Reinhart, Carmen M. and Trebesch, Christoph},
    title = {Sovereign debt relief and its aftermath},
    journal = {Journal of the European Economic Association},
    volume = {14},
    number = {1},
    pages = {215-251},
    year = {2016},
    note = {}
}

@book{sturzenegger2006debt,
    author = {Sturzenegger, Federico and Zettelmeyer, Jeromin},
    title = {Debt defaults and lessons from a decade of crises},
    publisher = {MIT Press},
    year = {2006},
    note = {}
}

@article{sun2021estimating,
    author = {Sun, Liyang and Abraham, Sarah},
    title = {Estimating dynamic treatment effects in event studies with heterogeneous treatment effects},
    journal = {Journal of Econometrics},
    volume = {225},
    number = {2},
    pages = {175-199},
    year = {2021},
    note = {}
}


@online{example-website,
    author = {{Website Name} <OR> I. Surname and I. Surname and I. Surname},
    title = {Title of the Website},
    url = {https://example.com},
    urldate = {2020-12-24},
    year = {2000}
}

%% ----------------------------------------------------------------------
%%    Start of bibliography
%% ----------------------------------------------------------------------
