@book{stock2003introduction,
  title     = {Introduction to Econometrics},
  author    = {Stock, James H. and Watson, Mark W.},
  year      = {2003},
  edition   = {4},
  publisher = {Pearson},
  address   = {New York}
}

@book{wooldridge2020introductory,
  title     = {Introductory Econometrics: A Modern Approach},
  author    = {Wooldridge, Jeffrey M.},
  year      = {2020},
  edition   = {7},
  publisher = {Cengage Learning}
}

@book{hansen2022econometrics,
  title     = {Econometrics},
  author    = {Hansen, Bruce E.},
  year      = {2022},
  publisher = {Princeton University Press},
  address   = {Princeton, New Jersey}
}

@book{hayashi2000econometrics,
  title     = {Econometrics},
  author    = {Hayashi, Fumio},
  year      = {2000},
  publisher = {Princeton University Press},
  address   = {Princeton, New Jersey}
}

@book{wooldridge2010econometric,
  title     = {Econometric Analysis of Cross Section and Panel Data},
  author    = {Wooldridge, Jeffrey M.},
  year      = {2010},
  edition   = {2},
  publisher = {The MIT Press},
  address   = {Cambridge, Massachusetts}
}

@book{chan2019bayesian,
  title     = {Bayesian Econometric Methods},
  author    = {Chan, Joshua and Koop, Gary and Poirier, Dale J. and Tobias, Justin L.},
  year      = {2019},
  edition   = {2},
  publisher = {Cambridge University Press},
  address   = {Cambridge, United Kingdom}
}

@book{baltagi2021econometric,
  title     = {Econometric Analysis of Panel Data},
  author    = {Baltagi, Badi H.},
  year      = {2021},
  edition   = {6},
  publisher = {Springer},
  address   = {Cham, Switzerland}
}

@book{hamilton1994time,
  title     = {Time Series Analysis},
  author    = {Hamilton, James D.},
  year      = {1994},
  publisher = {Princeton University Press},
  address   = {Princeton, New Jersey},
  isbn      = {9780691042893}
}


@article{yang1954conservation,
  title = {Conservation of {{Isotopic Spin}} and {{Isotopic Gauge Invariance}}},
  author = {Yang, Chen N and Mills, Robert L},
  date = {1954-10-01},
  journaltitle = {Physical Review},
  shortjournal = {Phys. Rev.},
  volume = {96},
  number = {1},
  pages = {191--195},
  doi = {10.1103/PhysRev.96.191}
}
